<record><leader>00000cas a22000007a 4500</leader><controlfield tag="001">25193821</controlfield><controlfield tag="008">920131d189u1905ncucr ne      0    0eng d</controlfield><datafield ind1=" " ind2=" " tag="010"><subfield code="a">sn 92072937 </subfield></datafield><datafield ind1=" " ind2=" " tag="040"><subfield code="a">NVJ</subfield><subfield code="b">eng</subfield><subfield code="c">NVJ</subfield><subfield code="d">OCLCQ</subfield></datafield><datafield ind1=" " ind2=" " tag="042"><subfield code="a">msc</subfield></datafield><datafield ind1="0" ind2=" " tag="130"><subfield code="a">Hustler (North Wilkesboro, N.C.)</subfield></datafield><datafield ind1="1" ind2="4" tag="245"><subfield code="a">The hustler.</subfield></datafield><datafield ind1=" " ind2=" " tag="260"><subfield code="a">North Wilkesboro, N.C. :</subfield><subfield code="b">T.J. Robertson</subfield></datafield><datafield ind1=" " ind2=" " tag="300"><subfield code="a">v.</subfield></datafield><datafield ind1=" " ind2=" " tag="310"><subfield code="a">Semiweekly,</subfield><subfield code="b">Aug. 10, 1902-&lt;May 9, 1905&gt;</subfield></datafield><datafield ind1=" " ind2=" " tag="321"><subfield code="a">Weekly,</subfield><subfield code="b">Aug. 3, 1900-Aug. 8, 1902</subfield></datafield><datafield ind1=" " ind2=" " tag="321"><subfield code="a">Semiweekly,</subfield><subfield code="b">&lt;Jan. 16, 1900&gt;-July 31, 1900</subfield></datafield><datafield ind1=" " ind2=" " tag="588"><subfield code="a">Description based on: Vol. 3, no. 46 (May 19, 1899).</subfield></datafield><datafield ind1=" " ind2=" " tag="752"><subfield code="a">United States</subfield><subfield code="b">North Carolina</subfield><subfield code="c">Wilkes</subfield><subfield code="d">North Wilkesboro.</subfield></datafield><datafield ind1="0" ind2="0" tag="785"><subfield code="t">North Wilkesboro hustler</subfield><subfield code="w">(DLC)sn 92072938</subfield></datafield></record>